@MISC{OpenStackCascading,
title = {{OpenStack Cascading Solution}},
howpublished = {\url{https://wiki.openstack.org/wiki/OpenStack_cascading_solution}},
note = {(Accessed: 2018-03-08)},
}
@MISC{TriCircleDesign,
title = {{Tricircle - Design Blueprint}},
howpublished = {\url{https://docs.google.com/document/d/1zcxwl8xMEpxVCqLTce2-dUOtB-ObmzJTbV1uSQ6qTsY}},
note = {(Accessed: 2018-03-08)},
}
@MISC{Trio2oDesign,
title = {{Trio2o - Design Blueprint}},
howpublished = {\url{https://docs.google.com/document/d/1cmIUsClw964hJxuwj3ild87rcHL8JLC-c7T-DUQzd4k}},
note = {(Accessed: 2018-03-08)},
}
